@ONLINE{[1],
author = {Mango Communications Inc.},
title = {ABOUT WARP},
year = {2017},
url = {http://warpproject.org/trac/wiki/about}
}

@ONLINE{[2],
author = {Mango Communications Inc.},
title = {MANGO v3},
year = {2017},
url = {http://mangocomm.com/static/img/w3/w3\_ kit\_ med.jpg}
}

@ONLINE{[3],
author = {Mango Communications Inc.},
title = {v3 Design},
year = {2017},
url = {https://warpproject.org/trac/wiki/HardwareUsersGuides/WARPv3}
}

@ONLINE{[4],
author = {Mango Communications Inc.},
title = {v3 Kit Clocking},
year = {2017},
url = {https://warpproject.org/trac/wiki/HardwareUsersGuides/WARPv3/Clocking}
}

@ONLINE{[5],
author = {Mango Communications Inc.},
title = {Ref. Architecture},
year = {2017},
url = {http://warpproject.org/trac/attachment/wiki/802.11/files/wlan\_ ref\_ des\_ arch.png}
}

@misc{xilinx-ethernet-core,
title={logicore ip axi ethernet (v3.01a)},
url={https://www.xilinx.com/support/documentation/ip_documentation/axi_ethernet/v3_01_a/ds759_axi_ethernet.pdf},
journal={Xilinx.com},
year={2012}
},

@misc{rftap-mac,
title={using rftap to detect mac spoofing},
url={https://rftap.github.io/blog/2016/09/01/rftap-wifi.html},
journal={Rftap.github.io},
year={2016}
},

@misc{xilinx-microblaze,
title={xilinx wiki - microblaze},
url={http://www.wiki.xilinx.com/MicroBlaze#x-MicroBlaze%20Linux},
journal={Wiki.xilinx.com}
},

@ONLINE{warp-exp,
author = {Mango Communications, Inc.},
title = {Mango 802.11 Reference Design Experiments Framework Documentation},
year = {2017},
url = {https://warpproject.org/docs/mango-wlan-exp/}
}

@misc{xilinx-linux-drivers,
title={xilinx wiki - linux drivers},
url={http://www.wiki.xilinx.com/Linux+Drivers},
journal={Wiki.xilinx.com}
},

@misc{max2829,
title={max2828/max2829 single-/dual-band 802.11a/b/g world-band transceiver},
url={https://datasheets.maximintegrated.com/en/ds/MAX2828-MAX2829.pdf},
journal={datasheets.maximintegrated.com},
year={2004}
},


@misc{radiotap,
title={radiotap},
url={http://www.radiotap.org/},
journal={radiotap.org}
},

@misc{rftap,
title={rftap},
url={https://rftap.github.io/},
journal={rftap.github.io}
},

@misc{rftap-specifications,
title={specifications},
url={https://rftap.github.io/specifications/},
journal={rftap.github.io}
},

@misc{tcpdump,
title={link-layer header types | tcpdump/libpcap public repository},
url={http://www.tcpdump.org/linktypes.html},
journal={tcpdump.org},
year={2017}
}

@manual{etsi,
    organization  = "ETSI",
    title         = "Draft ETSI EN 302 663 V1.2.0",
    number        = "EN 302 663",
    year          =  2012,
    month         =  11,
    note          = "V1.2.0"
}
